@article{turing1950computing,
    author = {Turing, Alan M.},
    title = {Computing Machinery and Intelligence},
    journal = {Mind},
    volume = {LIX},
    number = {236},
    pages = {433--460},
    year = {1950}
}

@article{rumelhart1986learning,
  title = {Learning Representations by Back-Propagating Errors},
  author = {Rumelhart, David E. and Hinton, Geoffrey E. and Williams, Ronald J.},
  journal = {Nature},
  volume = {323},
  number = {6088},
  pages = {533--536},
  year = {1986}
}

@inproceedings{kautz1992planning,
  title = {Planning as Satisfiability},
  author = {Kautz, Henry A. and Selman, Bart},
  booktitle = {Proceedings of the 10th European Conference on Artificial Intelligence (ECAI)},
  pages = {359--363},
  year = {1992}
}

@article{grosz1996collaborative,
  title = {Collaborative Plans for Complex Group Action},
  author = {Grosz, Barbara J. and Kraus, Sarit},
  journal = {Artificial Intelligence},
  volume = {86},
  number = {2},
  pages = {269--357},
  year = {1996}
}

@misc{perelman2002entropy,
  title = {The Entropy Formula for the {R}icci Flow and its Geometric Applications}, 
  author = {Grisha Perelman},
  howpublished = {Preprint arXiv:math/0211159},
  year = {2002}
}

@book{pearl2009causality,
  title = {Causality},
  author = {Pearl, Judea},
  publisher = {Cambridge University Press},
  year = {2009}
}

@article{vargas2020openstreetmap,
  title={OpenStreetMap: Challenges and Opportunities in Machine Learning and Remote Sensing},
  author={Vargas, John and Srivastava, Shivangi and Tuia, Devis and Falcao, Alexandre},
  journal={arXiv preprint arXiv:2007.06277},
  year={2020}
}

@inproceedings{huang2019grab,
  title={Grab-posisi: An extensive real-life gps trajectory dataset in southeast asia},
  author={Huang, Xiaocheng and Yin, Yifang and Lim, Simon and Wang, Guanfeng and Hu, Bo and Varadarajan, Jagannadan and Zheng, Shaolin and Bulusu, Ajay and Zimmermann, Roger},
  booktitle={Proceedings of the 3rd ACM SIGSPATIAL International Workshop on Prediction of Human Mobility},
  pages={1--10},
  year={2019}
}

@article{mohamed2019comprehensive,
  title={A comprehensive literature review on community detection: Approaches and applications},
  author={Mohamed, EL-MOUSSAOUI and Agouti, Tarik and Tikniouine, Abdessadek and El Adnani, Mohamed},
  journal={Procedia Computer Science},
  volume={151},
  pages={295--302},
  year={2019},
  publisher={Elsevier}
}

@article{nawaz2019empirical,
  title={An Empirical Study of Community Detection Algorithms on Social and Road Networks},
  author={Nawaz, Waqas},
  journal={arXiv preprint arXiv:1911.08992},
  year={2019}
}

@article{yue2017measurements,
  title={Measurements of POI-based mixed use and their relationships with neighbourhood vibrancy},
  author={Yue, Yang and Zhuang, Yan and Yeh, Anthony GO and Xie, Jin-Yun and Ma, Cheng-Lin and Li, Qing-Quan},
  journal={International Journal of Geographical Information Science},
  volume={31},
  number={4},
  pages={658--675},
  year={2017},
  publisher={Taylor \& Francis}
}

@article{liu2020investigating,
  title={Investigating urban metro stations as cognitive places in cities using points of interest},
  author={Liu, Kang and Qiu, Peiyuan and Gao, Song and Lu, Feng and Jiang, Jincheng and Yin, Ling},
  journal={Cities},
  volume={97},
  pages={102561},
  year={2020},
  publisher={Elsevier}
}

@article{duckham2008efficient,
  title={Efficient generation of simple polygons for characterizing the shape of a set of points in the plane},
  author={Duckham, Matt and Kulik, Lars and Worboys, Mike and Galton, Antony},
  journal={Pattern recognition},
  volume={41},
  number={10},
  pages={3224--3236},
  year={2008},
  publisher={Elsevier}
}

@article{guo2018detecting,
  title={Detecting spatial community structure in movements},
  author={Guo, Diansheng and Jin, Hai and Gao, Peng and Zhu, Xi},
  journal={International Journal of Geographical Information Science},
  volume={32},
  number={7},
  pages={1326--1347},
  year={2018},
  publisher={Taylor \& Francis}
}

@article{liu2016incorporating,
  title={Incorporating spatial interaction patterns in classifying and understanding urban land use},
  author={Liu, Xi and Kang, Chaogui and Gong, Li and Liu, Yu},
  journal={International Journal of Geographical Information Science},
  volume={30},
  number={2},
  pages={334--350},
  year={2016},
  publisher={Taylor \& Francis}
}

@article{hu2021framework,
  title={A framework to detect and understand thematic places of a city using geospatial data},
  author={Hu, Sheng and Xu, Yongyang and Wu, Liang and Wu, Xincai and Wang, Run and Zhang, Ziwei and Lu, Rujuan and Mao, Wei},
  journal={Cities},
  volume={109},
  pages={103012},
  year={2021},
  publisher={Elsevier}
}

@inproceedings{karamshuk2013geo,
  title={Geo-spotting: mining online location-based services for optimal retail store placement},
  author={Karamshuk, Dmytro and Noulas, Anastasios and Scellato, Salvatore and Nicosia, Vincenzo and Mascolo, Cecilia},
  booktitle={Proceedings of the 19th ACM SIGKDD international conference on Knowledge discovery and data mining},
  pages={793--801},
  year={2013}
}

@inproceedings{boujlaleb2019feature,
  title={Feature Selection for Community Evolution Prediction in Location-Based Social Network: Gowalla and Brightkite},
  author={Boujlaleb, Loubna and Idarrou, Ali and Mammass, Driss},
  booktitle={International conference on smart Information \& communication Technologies},
  pages={404--412},
  year={2019},
  organization={Springer}
}

@article{cebeillac2017and,
  title={Where? When? And how often? What can we learn about daily urban mobilities from Twitter data and Google POIs in Bangkok (Thailand) and which perspectives for dengue studies?},
  author={Cebeillac, Alexandre and Daud{\'e}, {\'E}ric and Huraux, Thomas},
  journal={Netcom. R{\'e}seaux, communication et territoires},
  number={31-3/4},
  pages={283--308},
  year={2017},
  publisher={Netcom Association}
}

@article{han2019identifying,
  title={Identifying spatial patterns of retail stores in road network structure},
  author={Han, Zhigang and Cui, Caihui and Miao, Changhong and Wang, Haiying and Chen, Xiang},
  journal={Sustainability},
  volume={11},
  number={17},
  pages={4539},
  year={2019},
  publisher={Multidisciplinary Digital Publishing Institute}
}

@article{zhang2019using,
  title={Using OpenStreetMap point-of-interest data to model urban change—A feasibility study},
  author={Zhang, Liming and Pfoser, Dieter},
  journal={PloS one},
  volume={14},
  number={2},
  pages={e0212606},
  year={2019},
  publisher={Public Library of Science San Francisco, CA USA}
}

@article{boeing2019street,
  title={Street network models and measures for every US City, county, urbanized area, census tract, and zillow-defined neighborhood},
  author={Boeing, Geoff},
  journal={Urban Science},
  volume={3},
  number={1},
  pages={28},
  year={2019},
  publisher={Multidisciplinary Digital Publishing Institute}
}

@article{bondaruk2020assessing,
  title={Assessing the state of the art in Discrete Global Grid Systems: OGC criteria and present functionality},
  author={Bondaruk, Ben and Roberts, Steven A and Robertson, Colin},
  journal={Geomatica},
  volume={74},
  number={1},
  pages={9--30},
  year={2020},
  publisher={Canadian Science Publishing 65 Auriga Drive, Suite 203, Ottawa, ON K2E 7W6}
}

@article{statham2020applications,
  title={Applications of Gridded Population Datasets: Delineating Urban Areas},
  author={Statham, T and Wolf, L and Fox, S},
  year={2020}
}

@article{rousseeuw1987silhouettes,
  title={Silhouettes: a graphical aid to the interpretation and validation of cluster analysis},
  author={Rousseeuw, Peter J},
  journal={Journal of computational and applied mathematics},
  volume={20},
  pages={53--65},
  year={1987},
  publisher={Elsevier}
}

@incollection{rashmi2020analysis,
  title={Analysis of Road Networks Using the Louvian Community Detection Algorithm},
  author={Rashmi, R and Champawat, Shivani and Teja, G Varun and Lavanya, K},
  booktitle={Soft Computing for Problem Solving},
  pages={749--757},
  year={2020},
  publisher={Springer}
}

@article{newman2006modularity,
  title={Modularity and community structure in networks},
  author={Newman, Mark EJ},
  journal={Proceedings of the national academy of sciences},
  volume={103},
  number={23},
  pages={8577--8582},
  year={2006},
  publisher={National Acad Sciences}
}

@article{blondel2008fast,
  title={Fast unfolding of communities in large networks},
  author={Blondel, Vincent D and Guillaume, Jean-Loup and Lambiotte, Renaud and Lefebvre, Etienne},
  journal={Journal of statistical mechanics: theory and experiment},
  volume={2008},
  number={10},
  pages={P10008},
  year={2008},
  publisher={IOP Publishing}
}

@article{xie2013overlapping,
  title={Overlapping community detection in networks: The state-of-the-art and comparative study},
  author={Xie, Jierui and Kelley, Stephen and Szymanski, Boleslaw K},
  journal={Acm computing surveys (csur)},
  volume={45},
  number={4},
  pages={1--35},
  year={2013},
  publisher={ACM New York, NY, USA}
}

@article{crucitti2006centrality,
  title={Centrality in networks of urban streets},
  author={Crucitti, Paolo and Latora, Vito and Porta, Sergio},
  journal={Chaos: an interdisciplinary journal of nonlinear science},
  volume={16},
  number={1},
  pages={015113},
  year={2006},
  publisher={American Institute of Physics}
}

@article{kutani2014current,
  title={Current situation and development plan in Da nang current situation and development plan in Da Nang City},
  author={Kutani, T and Sudo, Y and Li, Y},
  journal={Energy Efficiency Improvement in the Transport Sector through Transport Improvement and Smart Community. ERIA Research Project Report},
  volume={31},
  year={2014}
}

@article{brodsky2018h3,
  title={H3: Uber’s hexagonal hierarchical spatial index},
  author={Brodsky, Isaac},
  journal={Available from Uber Engineering website: https://eng. uber. com/h3/[22 June 2019]},
  year={2018}
}

@inproceedings{dekolo2011managing,
  title={Managing the Lagos megacity and its geospatial iperative},
  author={Dekolo, SO and Oduwaye, AO},
  booktitle={UDMS 2011: 28th Urban Data Management Symposium, Delft, The Netherlands, September 28-30, 2011},
  year={2011},
  organization={Urban Data Management Society; OTB Research Institute for the Built~…}
}

################################ ERP 2 ################################
@article{mohamed2019comprehensive,
  title={A comprehensive literature review on community detection: Approaches and applications},
  author={Mohamed, EL-MOUSSAOUI and Agouti, Tarik and Tikniouine, Abdessadek and El Adnani, Mohamed},
  journal={Procedia Computer Science},
  volume={151},
  pages={295--302},
  year={2019},
  publisher={Elsevier}
}

@article{nawaz2019empirical,
  title={An Empirical Study of Community Detection Algorithms on Social and Road Networks},
  author={Nawaz, Waqas},
  journal={arXiv preprint arXiv:1911.08992},
  year={2019}
}

@article{clauset2004finding,
  title={Finding community structure in very large networks},
  author={Clauset, Aaron and Newman, Mark EJ and Moore, Cristopher},
  journal={Physical review E},
  volume={70},
  number={6},
  pages={066111},
  year={2004},
  publisher={APS}
}

@article{guo2018detecting,
  title={Detecting spatial community structure in movements},
  author={Guo, Diansheng and Jin, Hai and Gao, Peng and Zhu, Xi},
  journal={International Journal of Geographical Information Science},
  volume={32},
  number={7},
  pages={1326--1347},
  year={2018},
  publisher={Taylor \& Francis}
}

@article{dadzie2017firms,
  title={How firms implement marketing strategies in emerging markets: An empirical assessment of the 4A marketing mix framework},
  author={Dadzie, Kofi Q and Amponsah, David K and Dadzie, Charlene A and Winston, Evelyn M},
  journal={Journal of Marketing Theory and Practice},
  volume={25},
  number={3},
  pages={234--256},
  year={2017},
  publisher={Taylor \& Francis}
}

@article{anderson2007serving,
  title={Serving the world's poor: innovation at the base of the economic pyramid},
  author={Anderson, Jamie and Billou, Niels},
  journal={Journal of Business Strategy},
  year={2007},
  publisher={Emerald Group Publishing Limited}
}

@article{singh2017improving,
  title={Improving FMCG Distribution in Peripheral Areas of Emerging Smart Cities: The Case of Gurgaon (Gurugram), India.},
  author={Singh, Hardeep and Ahuja, Sanjog Singh},
  journal={South Asian Journal of Management},
  volume={24},
  number={4},
  year={2017}
}

@article{sakkthivel2005effectiveness,
  title={Effectiveness of sachets in modifying rural consumers' buying behavior and their consumption pattern-A researcher's view},
  author={Sakkthivel, AM and Mishra, Bishnupriya},
  journal={Indian Journal of Marketing},
  volume={35},
  number={2},
  year={2005}
}

@article{strano2018mapping,
  title={Mapping road network communities for guiding disease surveillance and control strategies},
  author={Strano, Emanuele and Viana, Matheus P and Sorichetta, Alessandro and Tatem, Andrew J},
  journal={Scientific reports},
  volume={8},
  number={1},
  pages={1--9},
  year={2018},
  publisher={Nature Publishing Group}
}

@article{wei2021community,
  title={Community detection, road importance assessment, and urban function pattern recognition: a big data approach},
  author={Wei, Sheng and Wang, Lei},
  journal={Journal of Spatial Science},
  pages={1--21},
  year={2021},
  publisher={Taylor \& Francis}
}

@misc{OpenHistoricalMap,
	title = {{OpenHistoricalMap}},
	url = {https://www.openhistoricalmap.org/},
	urldate = {2022-03-12},
}

@inproceedings{brinkhoff1995measuring,
  title={Measuring the Complexity of Polygonal Objects.},
  author={Brinkhoff, Thomas and Kriegel, Hans-Peter and Schneider, Ralf and Braun, Alexander},
  booktitle={ACM-GIS},
  volume={109},
  year={1995},
  organization={Citeseer}
}

@inproceedings{akdag2014creating,
  title={Creating polygon models for spatial clusters},
  author={Akdag, Fatih and Eick, Christoph F and Chen, Guoning},
  booktitle={International symposium on methodologies for intelligent systems},
  pages={493--499},
  year={2014},
  organization={Springer}
}

@inproceedings{galton2006region,
  title={What is the region occupied by a set of points?},
  author={Galton, Antony and Duckham, Matt},
  booktitle={International conference on geographic information science},
  pages={81--98},
  year={2006},
  organization={Springer}
}

@article{asaeedi2017alpha,
  title={$\alpha$-Concave hull, a generalization of convex hull},
  author={Asaeedi, Saeed and Didehvar, Farzad and Mohades, Ali},
  journal={Theoretical Computer Science},
  volume={702},
  pages={48--59},
  year={2017},
  publisher={Elsevier}
}

@article{moreira2007concave,
  title={Concave hull: A k-nearest neighbours approach for the computation of the region occupied by a set of points},
  author={Moreira, Adriano and Santos, Maribel Yasmina},
  year={2007},
  publisher={INSTICC Press}
}

@article{bertaud2011nang,
  title={Da Nang urban structure: the motorcycle, provides a significant advantage for mobility and housing affordability},
  author={Bertaud, A},
  journal={Retrieved},
  volume={10},
  number={23},
  pages={2017},
  year={2011}
}

@article{yeow2021point,
  title={Point-of-Interest (POI) Data Validation Methods: An Urban Case Study},
  author={Yeow, Lih Wei and Low, Raymond and Tan, Yu Xiang and Cheah, Lynette},
  journal={ISPRS International Journal of Geo-Information},
  volume={10},
  number={11},
  pages={735},
  year={2021},
  publisher={Multidisciplinary Digital Publishing Institute}
}

@article{low2021end,
  title={An End-to-End Point of Interest (POI) Conflation Framework},
  author={Low, Raymond and Tekler, Zeynep Duygu and Cheah, Lynette},
  journal={ISPRS International Journal of Geo-Information},
  volume={10},
  number={11},
  pages={779},
  year={2021},
  publisher={Multidisciplinary Digital Publishing Institute}
}

@article{sevtsuk2018patronage,
  title={Patronage of urban commercial clusters: A network-based extension of the Huff model for balancing location and size},
  author={Sevtsuk, Andres and Kalvo, Raul},
  journal={Environment and Planning B: Urban Analytics and City Science},
  volume={45},
  number={3},
  pages={508--528},
  year={2018},
  publisher={SAGE Publications Sage UK: London, England}
}

@article{suhara2021validating,
  title={Validating gravity-based market share models using large-scale transactional data},
  author={Suhara, Yoshihiko and Bahrami, Mohsen and Bozkaya, Burcin and Pentland, Alex ‘Sandy’},
  journal={Big Data},
  volume={9},
  number={3},
  pages={188--202},
  year={2021},
  publisher={Mary Ann Liebert, Inc., publishers 140 Huguenot Street, 3rd Floor New~…}
}

@article{ballantyne2023integrating,
  title={Integrating the who, what, and where of US retail center geographies},
  author={Ballantyne, Patrick and Singleton, Alex and Dolega, Les and Macdonald, Jacob},
  journal={Annals of the American Association of Geographers},
  volume={113},
  number={2},
  pages={488--510},
  year={2023},
  publisher={Taylor \& Francis}
}

@article{tan2022data,
  title={Data-driven retail decision-making using spatial partitioning and delineation of communities},
  author={Tan, Ming Hui and Tan, Kar Way},
  year={2022},
  publisher={Association for Information Systems (AIS)}
}

@article{li2023empirical,
  title={An empirical analysis of electric vehicles’ charging patterns},
  author={Li, Zhi and Xu, Zhengtian and Chen, Zhibin and Xie, Chi and Chen, Guodong and Zhong, Minghui},
  journal={Transportation Research Part D: Transport and Environment},
  volume={117},
  pages={103651},
  year={2023},
  publisher={Elsevier}
}

@article{drezner2020facility,
  title={Facility dependent distance decay in competitive location},
  author={Drezner, Tammy and Drezner, Zvi and Zerom, Dawit},
  journal={Networks and Spatial Economics},
  volume={20},
  pages={915--934},
  year={2020},
  publisher={Springer}
}

@article{huff1963probabilistic,
  title={A probabilistic analysis of shopping center trade areas},
  author={Huff, David L},
  journal={Land economics},
  volume={39},
  number={1},
  pages={81--90},
  year={1963},
  publisher={JSTOR}
}

@article{liang2020calibrating,
  title={Calibrating the dynamic Huff model for business analysis using location big data},
  author={Liang, Yunlei and Gao, Song and Cai, Yuxin and Foutz, Natasha Zhang and Wu, Lei},
  journal={Transactions in GIS},
  volume={24},
  number={3},
  pages={681--703},
  year={2020},
  publisher={Wiley Online Library}
}

@article{jiang2019solving,
  title={Solving competitive location problems with social media data based on customers’ local sensitivities},
  author={Jiang, Wei and Wang, Yandong and Dou, Mingxuan and Liu, Senbao and Shao, Shiwei and Liu, Hui},
  journal={ISPRS International Journal of Geo-Information},
  volume={8},
  number={5},
  pages={202},
  year={2019},
  publisher={MDPI}
}

@article{kim2011using,
  title={Using new Huff model for predicting potential retail market in South Korea},
  author={Kim, Pan-Jin and Kim, Wanki and Chung, Won-Ki and Youn, Myoung-Kil},
  journal={African Journal of Business Management},
  volume={5},
  number={5},
  pages={1543--1550},
  year={2011}
}

@article{liu2018urban,
  title={Urban traffic prediction from mobility data using deep learning},
  author={Liu, Zhidan and Li, Zhenjiang and Wu, Kaishun and Li, Mo},
  journal={Ieee network},
  volume={32},
  number={4},
  pages={40--46},
  year={2018},
  publisher={IEEE}
}

@article{singh2021mobility,
  title={Mobility Data Analysis and Applications: A mid-year 2021 Survey},
  author={Singh, Abhishek and Mathur, Alok and Asthana, Alka and Maina, Juliet and Nester, Jade and Sathya, Sai Sri and Bhattacharya, Santanu and Phalke, Vidya},
  journal={arXiv preprint arXiv:2109.07901},
  year={2021}
}

@article{wang2020big,
  title={Big trajectory data mining: a survey of methods, applications, and services},
  author={Wang, Di and Miwa, Tomio and Morikawa, Takayuki},
  journal={Sensors},
  volume={20},
  number={16},
  pages={4571},
  year={2020},
  publisher={MDPI}
}

@article{haghbayan2021community,
  title={Community detection in large scale congested urban road networks},
  author={Haghbayan, Seyed Arman and Geroliminis, Nikolas and Akbarzadeh, Meisam},
  journal={PLoS one},
  volume={16},
  number={11},
  pages={e0260201},
  year={2021},
  publisher={Public Library of Science San Francisco, CA USA}
}

@article{wang2022assessing,
  title={Assessing Park Accessibility Based on a Dynamic Huff Two-Step Floating Catchment Area Method and Map Service API},
  author={Wang, Huimin and Wei, Xiaojian and Ao, Weixuan},
  journal={ISPRS International Journal of Geo-Information},
  volume={11},
  number={7},
  pages={394},
  year={2022},
  publisher={MDPI}
}

@article{jin2022multi,
  title={Multi-Mode Huff-Based 2SFCA: Examining Geographical Accessibility to Food Outlets in Austin, Texas},
  author={Jin, He and Lu, Yongmei},
  journal={ISPRS International Journal of Geo-Information},
  volume={11},
  number={11},
  pages={579},
  year={2022},
  publisher={MDPI}
}

################################ ERP 3 ################################
@article{mohamed2019comprehensive,
  title={A comprehensive literature review on community detection: Approaches and applications},
  author={Mohamed, EL-MOUSSAOUI and Agouti, Tarik and Tikniouine, Abdessadek and El Adnani, Mohamed},
  journal={Procedia Computer Science},
  volume={151},
  pages={295--302},
  year={2019},
  publisher={Elsevier}
}

@article{nawaz2019empirical,
  title={An Empirical Study of Community Detection Algorithms on Social and Road Networks},
  author={Nawaz, Waqas},
  journal={arXiv preprint arXiv:1911.08992},
  year={2019}
}

@article{guo2018detecting,
  title={Detecting spatial community structure in movements},
  author={Guo, Diansheng and Jin, Hai and Gao, Peng and Zhu, Xi},
  journal={International Journal of Geographical Information Science},
  volume={32},
  number={7},
  pages={1326--1347},
  year={2018},
  publisher={Taylor \& Francis}
}

@article{dadzie2017firms,
  title={How firms implement marketing strategies in emerging markets: An empirical assessment of the 4A marketing mix framework},
  author={Dadzie, Kofi Q and Amponsah, David K and Dadzie, Charlene A and Winston, Evelyn M},
  journal={Journal of Marketing Theory and Practice},
  volume={25},
  number={3},
  pages={234--256},
  year={2017},
  publisher={Taylor \& Francis}
}

@article{anderson2007serving,
  title={Serving the world's poor: innovation at the base of the economic pyramid},
  author={Anderson, Jamie and Billou, Niels},
  journal={Journal of Business Strategy},
  year={2007},
  publisher={Emerald Group Publishing Limited}
}

@article{singh2017improving,
  title={Improving FMCG Distribution in Peripheral Areas of Emerging Smart Cities: The Case of Gurgaon (Gurugram), India.},
  author={Singh, Hardeep and Ahuja, Sanjog Singh},
  journal={South Asian Journal of Management},
  volume={24},
  number={4},
  year={2017}
}

@article{sakkthivel2005effectiveness,
  title={Effectiveness of sachets in modifying rural consumers' buying behavior and their consumption pattern-A researcher's view},
  author={Sakkthivel, AM and Mishra, Bishnupriya},
  journal={Indian Journal of Marketing},
  volume={35},
  number={2},
  year={2005}
}

@article{wei2021community,
  title={Community detection, road importance assessment, and urban function pattern recognition: a big data approach},
  author={Wei, Sheng and Wang, Lei},
  journal={Journal of Spatial Science},
  pages={1--21},
  year={2021},
  publisher={Taylor \& Francis}
}

@misc{OpenHistoricalMap,
	title = {{OpenHistoricalMap}},
	url = {https://www.openhistoricalmap.org/},
	urldate = {2022-03-12},
}

@inproceedings{brinkhoff1995measuring,
  title={Measuring the Complexity of Polygonal Objects.},
  author={Brinkhoff, Thomas and Kriegel, Hans-Peter and Schneider, Ralf and Braun, Alexander},
  booktitle={ACM-GIS},
  volume={109},
  year={1995},
  organization={Citeseer}
}

@inproceedings{akdag2014creating,
  title={Creating polygon models for spatial clusters},
  author={Akdag, Fatih and Eick, Christoph F and Chen, Guoning},
  booktitle={International symposium on methodologies for intelligent systems},
  pages={493--499},
  year={2014},
  organization={Springer}
}

@inproceedings{galton2006region,
  title={What is the region occupied by a set of points?},
  author={Galton, Antony and Duckham, Matt},
  booktitle={International conference on geographic information science},
  pages={81--98},
  year={2006},
  organization={Springer}
}

@article{asaeedi2017alpha,
  title={$\alpha$-Concave hull, a generalization of convex hull},
  author={Asaeedi, Saeed and Didehvar, Farzad and Mohades, Ali},
  journal={Theoretical Computer Science},
  volume={702},
  pages={48--59},
  year={2017},
  publisher={Elsevier}
}

@article{moreira2007concave,
  title={Concave hull: A k-nearest neighbours approach for the computation of the region occupied by a set of points},
  author={Moreira, Adriano and Santos, Maribel Yasmina},
  year={2007},
  publisher={INSTICC Press}
}

@article{bertaud2011nang,
  title={Da Nang urban structure: the motorcycle, provides a significant advantage for mobility and housing affordability},
  author={Bertaud, A},
  journal={Retrieved},
  volume={10},
  number={23},
  pages={2017},
  year={2011}
}

@article{yeow2021point,
  title={Point-of-Interest (POI) Data Validation Methods: An Urban Case Study},
  author={Yeow, Lih Wei and Low, Raymond and Tan, Yu Xiang and Cheah, Lynette},
  journal={ISPRS International Journal of Geo-Information},
  volume={10},
  number={11},
  pages={735},
  year={2021},
  publisher={Multidisciplinary Digital Publishing Institute}
}

@article{low2021end,
  title={An End-to-End Point of Interest (POI) Conflation Framework},
  author={Low, Raymond and Tekler, Zeynep Duygu and Cheah, Lynette},
  journal={ISPRS International Journal of Geo-Information},
  volume={10},
  number={11},
  pages={779},
  year={2021},
  publisher={Multidisciplinary Digital Publishing Institute}
}

@article{sevtsuk2018patronage,
  title={Patronage of urban commercial clusters: A network-based extension of the Huff model for balancing location and size},
  author={Sevtsuk, Andres and Kalvo, Raul},
  journal={Environment and Planning B: Urban Analytics and City Science},
  volume={45},
  number={3},
  pages={508--528},
  year={2018},
  publisher={SAGE Publications Sage UK: London, England}
}

@article{ballantyne2023integrating,
  title={Integrating the who, what, and where of US retail center geographies},
  author={Ballantyne, Patrick and Singleton, Alex and Dolega, Les and Macdonald, Jacob},
  journal={Annals of the American Association of Geographers},
  volume={113},
  number={2},
  pages={488--510},
  year={2023},
  publisher={Taylor \& Francis}
}

@article{li2023empirical,
  title={An empirical analysis of electric vehicles’ charging patterns},
  author={Li, Zhi and Xu, Zhengtian and Chen, Zhibin and Xie, Chi and Chen, Guodong and Zhong, Minghui},
  journal={Transportation Research Part D: Transport and Environment},
  volume={117},
  pages={103651},
  year={2023},
  publisher={Elsevier}
}

@article{wang2022assessing,
  title={Assessing Park Accessibility Based on a Dynamic Huff Two-Step Floating Catchment Area Method and Map Service API},
  author={Wang, Huimin and Wei, Xiaojian and Ao, Weixuan},
  journal={ISPRS International Journal of Geo-Information},
  volume={11},
  number={7},
  pages={394},
  year={2022},
  publisher={MDPI}
}

@article{jin2022multi,
  title={Multi-Mode Huff-Based 2SFCA: Examining Geographical Accessibility to Food Outlets in Austin, Texas},
  author={Jin, He and Lu, Yongmei},
  journal={ISPRS International Journal of Geo-Information},
  volume={11},
  number={11},
  pages={579},
  year={2022},
  publisher={MDPI}
}

@inproceedings{cho2014and,
  title={Where and Why Users" Check In"},
  author={Cho, Yoon-Sik and Ver Steeg, Greg and Galstyan, Aram},
  booktitle={Proceedings of the AAAI Conference on Artificial Intelligence},
  volume={28},
  number={1},
  year={2014}
}

@article{zhang2022factors,
  title={What are the factors influencing recreational visits to national forest parks in China? Experiments using crowdsourced geospatial data},
  author={Zhang, Jinguang and Cheng, Yingyi and Mao, Yuheng and Cai, Weizhen and Zhao, Bing},
  journal={Urban Forestry \& Urban Greening},
  volume={72},
  pages={127570},
  year={2022},
  publisher={Elsevier}
}

@article{wee1985patronage,
  title={Patronage behavior toward shopping areas: a proposed model based on Huff's model of retail gravitation},
  author={Wee, Chow Hou and Pearce, Michael R},
  journal={ACR North American Advances},
  year={1985}
}

@article{subal2021quantifying,
  title={Quantifying spatial accessibility of general practitioners by applying a modified huff three-step floating catchment area (MH3SFCA) method},
  author={Subal, Julia and Paal, Piret and Krisp, Jukka M},
  journal={International Journal of Health Geographics},
  volume={20},
  pages={1--14},
  year={2021},
  publisher={Springer}
}

@article{amiri2021optimization,
  title={Optimization of facility location-allocation model for base tranceiver station antenna establishment based on genetic al-gorithm considering network effectiveness criteria (Case Study North of Kermanshah)},
  author={Amiri, Farzad},
  journal={Scientia Iranica},
  year={2021},
  publisher={Sharif University of Technology}
}

@inproceedings{chouhan2022designing,
  title={Designing a new supply chain network considering transportation delays using meta-heuristics},
  author={Chouhan, Vivek Kumar and Goodarzian, Fariba and Esfandiari, Mahmood and Abraham, Ajith},
  booktitle={Intelligent and Fuzzy Techniques for Emerging Conditions and Digital Transformation: Proceedings of the INFUS 2021 Conference, held August 24-26, 2021. Volume 1},
  pages={570--579},
  year={2022},
  organization={Springer}
}

@article{chen2018location,
  title={Location optimization for multiple types of charging stations for electric scooters},
  author={Chen, Yi-Wen and Cheng, Chen-Yang and Li, Shu-Fen and Yu, Chung-Hsuan},
  journal={Applied Soft Computing},
  volume={67},
  pages={519--528},
  year={2018},
  publisher={Elsevier}
}

@article{ghoniem2016optimization,
  title={Optimization-based very large-scale neighborhood search for generalized assignment problems with location/allocation considerations},
  author={Ghoniem, Ahmed and Flamand, Tulay and Haouari, Mohamed},
  journal={INFORMS Journal on Computing},
  volume={28},
  number={3},
  pages={575--588},
  year={2016},
  publisher={INFORMS}
}

@article{hajipour2022dynamic,
  title={Dynamic maximal covering location problem for fire stations under uncertainty: Soft-computing approaches},
  author={Hajipour, Vahid and Fattahi, Parviz and Bagheri, Hasan and Babaei Morad, Samaneh},
  journal={International Journal of System Assurance Engineering and Management},
  volume={13},
  number={1},
  pages={90--112},
  year={2022},
  publisher={Springer}
}

@article{plastria2001static,
  title={Static competitive facility location: an overview of optimisation approaches},
  author={Plastria, Frank},
  journal={European Journal of Operational Research},
  volume={129},
  number={3},
  pages={461--470},
  year={2001},
  publisher={Elsevier}
}

@article{plastria2008discrete,
  title={Discrete models for competitive location with foresight},
  author={Plastria, Frank and Vanhaverbeke, Lieselot},
  journal={Computers \& Operations Research},
  volume={35},
  number={3},
  pages={683--700},
  year={2008},
  publisher={Elsevier}
}

@article{karatas2021dynamic,
  title={A dynamic multi-objective location-allocation model for search and rescue assets},
  author={Karatas, Mumtaz},
  journal={European Journal of Operational Research},
  volume={288},
  number={2},
  pages={620--633},
  year={2021},
  publisher={Elsevier}
}

@article{revelle2005location,
  title={Location analysis: A synthesis and survey},
  author={ReVelle, Charles S and Eiselt, Horst A},
  journal={European journal of operational research},
  volume={165},
  number={1},
  pages={1--19},
  year={2005},
  publisher={Elsevier}
}

@article{griffith2022spatial,
  title={Spatial autocorrelation informed approaches to solving location--allocation problems},
  author={Griffith, Daniel A and Chun, Yongwan and Kim, Hyun},
  journal={Spatial Statistics},
  volume={50},
  pages={100612},
  year={2022},
  publisher={Elsevier}
}

@article{adler2014location,
  title={Location-allocation models for traffic police patrol vehicles on an interurban network},
  author={Adler, Nicole and Hakkert, Alfred Shalom and Kornbluth, Jonathan and Raviv, Tal and Sher, Mali},
  journal={Annals of operations research},
  volume={221},
  pages={9--31},
  year={2014},
  publisher={Springer}
}

@article{ropke2006adaptive,
  title={An adaptive large neighborhood search heuristic for the pickup and delivery problem with time windows},
  author={Ropke, Stefan and Pisinger, David},
  journal={Transportation science},
  volume={40},
  number={4},
  pages={455--472},
  year={2006},
  publisher={Informs}
}

@article{anand2020integrated,
  title={Integrated search method for flexible job shop scheduling problem using HHS--ALNS algorithm},
  author={Anand Deva Durai, C and Azath, M and Jeniffer, JSC},
  journal={SN Computer Science},
  volume={1},
  pages={1--6},
  year={2020},
  publisher={Springer}
}

@article{mara2022survey,
  title={A survey of adaptive large neighborhood search algorithms and applications},
  author={Mara, Setyo Tri Windras and Norcahyo, Rachmadi and Jodiawan, Panca and Lusiantoro, Luluk and Rifai, Achmad Pratama},
  journal={Computers \& Operations Research},
  volume={146},
  pages={105903},
  year={2022},
  publisher={Elsevier}
}

@inproceedings{shaw1998using,
  title={Using constraint programming and local search methods to solve vehicle routing problems},
  author={Shaw, Paul},
  booktitle={International conference on principles and practice of constraint programming},
  pages={417--431},
  year={1998},
  organization={Springer}
}

@article{pereira2015hybrid,
  title={A hybrid method for the probabilistic maximal covering location--allocation problem},
  author={Pereira, Marcos A and Coelho, Leandro C and Lorena, Luiz AN and De Souza, Ligia C},
  journal={Computers \& Operations Research},
  volume={57},
  pages={51--59},
  year={2015},
  publisher={Elsevier}
}

@article{guo2018battery,
  title={The battery charging station location problem: Impact of users’ range anxiety and distance convenience},
  author={Guo, Fang and Yang, Jun and Lu, Jianyi},
  journal={Transportation Research Part E: Logistics and Transportation Review},
  volume={114},
  pages={1--18},
  year={2018},
  publisher={Elsevier}
}

@article{issabakhsh2021scheduling,
  title={Scheduling patient appointment in an infusion center: A mixed integer robust optimization approach},
  author={Issabakhsh, Mona and Lee, Seokgi and Kang, Hyojung},
  journal={Health care management science},
  volume={24},
  pages={117--139},
  year={2021},
  publisher={Springer}
}

@article{cordeau2010scheduling,
  title={Scheduling technicians and tasks in a telecommunications company},
  author={Cordeau, Jean-Fran{\c{c}}ois and Laporte, Gilbert and Pasin, Federico and Ropke, Stefan},
  journal={Journal of Scheduling},
  volume={13},
  pages={393--409},
  year={2010},
  publisher={Springer}
}

@article{mishra2022location,
  title={Location of competitive facilities: a comprehensive review and future research agenda},
  author={Mishra, Mamta and Singh, Surya Prakash and Gupta, MP},
  journal={Benchmarking: An International Journal},
  number={ahead-of-print},
  year={2022},
  publisher={Emerald Publishing Limited}
}

@article{shoshani2021predicting,
  title={Predicting Store Closures Using Urban Mobility Data and Network Analysis},
  author={Shoshani, Tal and Zubcsek, Peter Pal and Reichman, Shachar},
  year={2021}
}


@article{mohamed2019comprehensive,
  title={A comprehensive literature review on community detection: Approaches and applications},
  author={Mohamed, EL-MOUSSAOUI and Agouti, Tarik and Tikniouine, Abdessadek and El Adnani, Mohamed},
  journal={Procedia Computer Science},
  volume={151},
  pages={295--302},
  year={2019},
  publisher={Elsevier}
}

@article{nawaz2019empirical,
  title={An Empirical Study of Community Detection Algorithms on Social and Road Networks},
  author={Nawaz, Waqas},
  journal={arXiv preprint arXiv:1911.08992},
  year={2019}
}

@article{guo2018detecting,
  title={Detecting spatial community structure in movements},
  author={Guo, Diansheng and Jin, Hai and Gao, Peng and Zhu, Xi},
  journal={International Journal of Geographical Information Science},
  volume={32},
  number={7},
  pages={1326--1347},
  year={2018},
  publisher={Taylor \& Francis}
}

@article{dadzie2017firms,
  title={How firms implement marketing strategies in emerging markets: An empirical assessment of the 4A marketing mix framework},
  author={Dadzie, Kofi Q and Amponsah, David K and Dadzie, Charlene A and Winston, Evelyn M},
  journal={Journal of Marketing Theory and Practice},
  volume={25},
  number={3},
  pages={234--256},
  year={2017},
  publisher={Taylor \& Francis}
}

@article{anderson2007serving,
  title={Serving the world's poor: innovation at the base of the economic pyramid},
  author={Anderson, Jamie and Billou, Niels},
  journal={Journal of Business Strategy},
  year={2007},
  publisher={Emerald Group Publishing Limited}
}

@article{singh2017improving,
  title={Improving FMCG Distribution in Peripheral Areas of Emerging Smart Cities: The Case of Gurgaon (Gurugram), India.},
  author={Singh, Hardeep and Ahuja, Sanjog Singh},
  journal={South Asian Journal of Management},
  volume={24},
  number={4},
  year={2017}
}

@article{sakkthivel2005effectiveness,
  title={Effectiveness of sachets in modifying rural consumers' buying behavior and their consumption pattern-A researcher's view},
  author={Sakkthivel, AM and Mishra, Bishnupriya},
  journal={Indian Journal of Marketing},
  volume={35},
  number={2},
  year={2005}
}

@article{wei2021community,
  title={Community detection, road importance assessment, and urban function pattern recognition: a big data approach},
  author={Wei, Sheng and Wang, Lei},
  journal={Journal of Spatial Science},
  pages={1--21},
  year={2021},
  publisher={Taylor \& Francis}
}

@misc{OpenHistoricalMap,
	title = {{OpenHistoricalMap}},
	url = {https://www.openhistoricalmap.org/},
	urldate = {2022-03-12},
}

@inproceedings{brinkhoff1995measuring,
  title={Measuring the Complexity of Polygonal Objects.},
  author={Brinkhoff, Thomas and Kriegel, Hans-Peter and Schneider, Ralf and Braun, Alexander},
  booktitle={ACM-GIS},
  volume={109},
  year={1995},
  organization={Citeseer}
}

@inproceedings{akdag2014creating,
  title={Creating polygon models for spatial clusters},
  author={Akdag, Fatih and Eick, Christoph F and Chen, Guoning},
  booktitle={International symposium on methodologies for intelligent systems},
  pages={493--499},
  year={2014},
  organization={Springer}
}

@inproceedings{galton2006region,
  title={What is the region occupied by a set of points?},
  author={Galton, Antony and Duckham, Matt},
  booktitle={International conference on geographic information science},
  pages={81--98},
  year={2006},
  organization={Springer}
}

@article{asaeedi2017alpha,
  title={$\alpha$-Concave hull, a generalization of convex hull},
  author={Asaeedi, Saeed and Didehvar, Farzad and Mohades, Ali},
  journal={Theoretical Computer Science},
  volume={702},
  pages={48--59},
  year={2017},
  publisher={Elsevier}
}

@article{moreira2007concave,
  title={Concave hull: A k-nearest neighbours approach for the computation of the region occupied by a set of points},
  author={Moreira, Adriano and Santos, Maribel Yasmina},
  year={2007},
  publisher={INSTICC Press}
}

@article{bertaud2011nang,
  title={Da Nang urban structure: the motorcycle, provides a significant advantage for mobility and housing affordability},
  author={Bertaud, A},
  journal={Retrieved},
  volume={10},
  number={23},
  pages={2017},
  year={2011}
}

@article{yeow2021point,
  title={Point-of-Interest (POI) Data Validation Methods: An Urban Case Study},
  author={Yeow, Lih Wei and Low, Raymond and Tan, Yu Xiang and Cheah, Lynette},
  journal={ISPRS International Journal of Geo-Information},
  volume={10},
  number={11},
  pages={735},
  year={2021},
  publisher={Multidisciplinary Digital Publishing Institute}
}

@article{low2021end,
  title={An End-to-End Point of Interest (POI) Conflation Framework},
  author={Low, Raymond and Tekler, Zeynep Duygu and Cheah, Lynette},
  journal={ISPRS International Journal of Geo-Information},
  volume={10},
  number={11},
  pages={779},
  year={2021},
  publisher={Multidisciplinary Digital Publishing Institute}
}

@article{sevtsuk2018patronage,
  title={Patronage of urban commercial clusters: A network-based extension of the Huff model for balancing location and size},
  author={Sevtsuk, Andres and Kalvo, Raul},
  journal={Environment and Planning B: Urban Analytics and City Science},
  volume={45},
  number={3},
  pages={508--528},
  year={2018},
  publisher={SAGE Publications Sage UK: London, England}
}

@article{ballantyne2023integrating,
  title={Integrating the who, what, and where of US retail center geographies},
  author={Ballantyne, Patrick and Singleton, Alex and Dolega, Les and Macdonald, Jacob},
  journal={Annals of the American Association of Geographers},
  volume={113},
  number={2},
  pages={488--510},
  year={2023},
  publisher={Taylor \& Francis}
}

@article{li2023empirical,
  title={An empirical analysis of electric vehicles’ charging patterns},
  author={Li, Zhi and Xu, Zhengtian and Chen, Zhibin and Xie, Chi and Chen, Guodong and Zhong, Minghui},
  journal={Transportation Research Part D: Transport and Environment},
  volume={117},
  pages={103651},
  year={2023},
  publisher={Elsevier}
}

@article{wang2022assessing,
  title={Assessing Park Accessibility Based on a Dynamic Huff Two-Step Floating Catchment Area Method and Map Service API},
  author={Wang, Huimin and Wei, Xiaojian and Ao, Weixuan},
  journal={ISPRS International Journal of Geo-Information},
  volume={11},
  number={7},
  pages={394},
  year={2022},
  publisher={MDPI}
}

@article{jin2022multi,
  title={Multi-Mode Huff-Based 2SFCA: Examining Geographical Accessibility to Food Outlets in Austin, Texas},
  author={Jin, He and Lu, Yongmei},
  journal={ISPRS International Journal of Geo-Information},
  volume={11},
  number={11},
  pages={579},
  year={2022},
  publisher={MDPI}
}

@article{duncombe2019digital,
  title={Digital diplomacy: Emotion and identity in the public realm},
  author={Duncombe, Constance},
  journal={The Hague Journal of Diplomacy},
  volume={14},
  number={1-2},
  pages={102--116},
  year={2019},
  publisher={Brill Nijhoff}
}

@article{ortiz2023rise,
  title={The rise of social media},
  author={Ortiz-Ospina, Esteban and Roser, Max},
  journal={Our world in data},
  year={2023}
}

@misc{yang2020challenges,
  title={Challenges of using mobile phone signalling data to estimate urban population density: towards smart cities and sustainable urban development},
  author={Yang, Junyan and Shi, Yi and Yu, Chuck and Cao, Shi-Jie},
  journal={Indoor and Built Environment},
  volume={29},
  number={2},
  pages={147--150},
  year={2020},
  publisher={SAGE Publications Sage UK: London, England}
}

@article{mohamed2019comprehensive,
  title={A comprehensive literature review on community detection: Approaches and applications},
  author={Mohamed, EL-MOUSSAOUI and Agouti, Tarik and Tikniouine, Abdessadek and El Adnani, Mohamed},
  journal={Procedia Computer Science},
  volume={151},
  pages={295--302},
  year={2019},
  publisher={Elsevier}
}

@article{nawaz2019empirical,
  title={An Empirical Study of Community Detection Algorithms on Social and Road Networks},
  author={Nawaz, Waqas},
  journal={arXiv preprint arXiv:1911.08992},
  year={2019}
}

@article{guo2018detecting,
  title={Detecting spatial community structure in movements},
  author={Guo, Diansheng and Jin, Hai and Gao, Peng and Zhu, Xi},
  journal={International Journal of Geographical Information Science},
  volume={32},
  number={7},
  pages={1326--1347},
  year={2018},
  publisher={Taylor \& Francis}
}

@article{jedwab2015urbanization,
  title={Urbanization without growth in historical perspective},
  author={Jedwab, Remi and Vollrath, Dietrich},
  journal={Explorations in Economic History},
  volume={58},
  pages={1--21},
  year={2015},
  publisher={Elsevier}
}

@inproceedings{gunes2021global,
  title={Global Cities and The Future of Demographic Transformation},
  author={Gunes, Iskender},
  booktitle={Journal of Social Policy Conferences},
  number={81},
  pages={485--499},
  year={2021},
  organization={Istanbul University}
}

@article{kutani2014current,
  title={Current situation and development plan in Da nang current situation and development plan in Da Nang City},
  author={Kutani, T and Sudo, Y and Li, Y},
  journal={Energy Efficiency Improvement in the Transport Sector through Transport Improvement and Smart Community. ERIA Research Project Report},
  volume={31},
  year={2014}
}

@inproceedings{tan2023big,
  title={A Big Data Approach to Augmenting the Huff Model with Road Network and Mobility Data for Store Footfall Prediction},
  author={Tan, Ming Hui and Tan, Kar Way and Lau, Hoong Chuin},
  booktitle={2023 IEEE International Conference on Big Data (BigData)},
  pages={1533--1538},
  year={2023},
  organization={IEEE}
}